@book{Bilbao2009,
  title={Numerical Sound Synthesis},
  author={Bilbao, Stefan},
  isbn={9780470510469},
  year={2009},
  publisher={John Wiley \& Sons}
}
@article{Bilbao2018,
author = {Bilbao, Stefan and Hamilton, Brian and Harrison, R. and Torin, A},
isbn = {1742-7150},
journal = {Springer handbook of systematic musicology},
title = {Finite-difference schemes in musical acoustics: A tutorial},
year = {2018}
}

@article{Chen2002,
author = {Chen, Yang Quan and Moore, Kevin L.},
journal = {{IEEE} Transactions on Circuits and Systems},
title = {Discretization Schemes for Fractional-Order Differentiators and Integrators},
year = {2002}
}

@article{Bilbao2013,
author = {Bilbao, Stefan and Chick, John},
journal = {The Journal of the Acoustical Society of America},
title = {Finite difference time domain simulation for the brass instrument bore},
year = {2013}
}
@article{Atig2004,
    author = {Atig, M. and Dalmont, J.-P. and Gilbert, J.},
    title = {Termination impedance of open-ended cylindrical tubes at high sound pressure level},
    journal = {Comptes Rendus M\'ecanique},
    volume = {332},
    pages = {299--304},
    year = {2004}
}

Finite difference time domain simulation for the brass instrument bore

Discretization Schemes for Fractional-Order Differentiators and Integrators